%YAML 1.1
%TAG !u! tag:unity3d.com,2011:
--- !u!1 &3600016848376996341
GameObject:
  m_ObjectHideFlags: 0
  m_CorrespondingSourceObject: {fileID: 0}
  m_PrefabInstance: {fileID: 0}
  m_PrefabAsset: {fileID: 0}
  serializedVersion: 6
  m_Component:
  - component: {fileID: 5968910088075866031}
  - component: {fileID: 8295718919958975179}
  - component: {fileID: 7624933092081693729}
  - component: {fileID: 6022752799739851565}
  - component: {fileID: 3704794287376063142}
  m_Layer: 0
  m_Name: InputButton
  m_TagString: Untagged
  m_Icon: {fileID: 0}
  m_NavMeshLayer: 0
  m_StaticEditorFlags: 0
  m_IsActive: 1
--- !u!4 &5968910088075866031
Transform:
  m_ObjectHideFlags: 0
  m_CorrespondingSourceObject: {fileID: 0}
  m_PrefabInstance: {fileID: 0}
  m_PrefabAsset: {fileID: 0}
  m_GameObject: {fileID: 3600016848376996341}
  m_LocalRotation: {x: 0, y: 0, z: 0, w: 1}
  m_LocalPosition: {x: 0, y: 0, z: 0}
  m_LocalScale: {x: 1, y: 1, z: 1}
  m_Children:
  - {fileID: 5571655153667548852}
  - {fileID: 5490843829910776405}
  - {fileID: 6681009177456397791}
  m_Father: {fileID: 0}
  m_RootOrder: 0
  m_LocalEulerAnglesHint: {x: 0, y: 0, z: 0}
--- !u!114 &8295718919958975179
MonoBehaviour:
  m_ObjectHideFlags: 0
  m_CorrespondingSourceObject: {fileID: 0}
  m_PrefabInstance: {fileID: 0}
  m_PrefabAsset: {fileID: 0}
  m_GameObject: {fileID: 3600016848376996341}
  m_Enabled: 1
  m_EditorHideFlags: 0
  m_Script: {fileID: 11500000, guid: 23834cd0cddfc2346a6651c85def3c63, type: 3}
  m_Name: 
  m_EditorClassIdentifier: 
--- !u!114 &7624933092081693729
MonoBehaviour:
  m_ObjectHideFlags: 0
  m_CorrespondingSourceObject: {fileID: 0}
  m_PrefabInstance: {fileID: 0}
  m_PrefabAsset: {fileID: 0}
  m_GameObject: {fileID: 3600016848376996341}
  m_Enabled: 1
  m_EditorHideFlags: 0
  m_Script: {fileID: 11500000, guid: f54abb4c9ad8c2141afd02b3d049f620, type: 3}
  m_Name: 
  m_EditorClassIdentifier: 
--- !u!114 &6022752799739851565
MonoBehaviour:
  m_ObjectHideFlags: 0
  m_CorrespondingSourceObject: {fileID: 0}
  m_PrefabInstance: {fileID: 0}
  m_PrefabAsset: {fileID: 0}
  m_GameObject: {fileID: 3600016848376996341}
  m_Enabled: 1
  m_EditorHideFlags: 0
  m_Script: {fileID: 11500000, guid: 4cf4f21145eaa1743945aa9f97366ccb, type: 3}
  m_Name: 
  m_EditorClassIdentifier: 
  PushableButton: {fileID: 5610016002370092694}
  OnButtonModel: {fileID: 6553825355346692283}
  OffButtonModel: {fileID: 3894342287477123811}
  _ButtonIsOn: 0
--- !u!54 &3704794287376063142
Rigidbody:
  m_ObjectHideFlags: 0
  m_CorrespondingSourceObject: {fileID: 0}
  m_PrefabInstance: {fileID: 0}
  m_PrefabAsset: {fileID: 0}
  m_GameObject: {fileID: 3600016848376996341}
  serializedVersion: 2
  m_Mass: 0.1
  m_Drag: 0
  m_AngularDrag: 0.05
  m_UseGravity: 0
  m_IsKinematic: 1
  m_Interpolate: 0
  m_Constraints: 0
  m_CollisionDetection: 0
--- !u!1 &4020046110145294578
GameObject:
  m_ObjectHideFlags: 0
  m_CorrespondingSourceObject: {fileID: 0}
  m_PrefabInstance: {fileID: 0}
  m_PrefabAsset: {fileID: 0}
  serializedVersion: 6
  m_Component:
  - component: {fileID: 7220592531715094033}
  - component: {fileID: 6885780280381828749}
  - component: {fileID: 9001668816478448746}
  m_Layer: 0
  m_Name: Text (TMP)
  m_TagString: Untagged
  m_Icon: {fileID: 0}
  m_NavMeshLayer: 0
  m_StaticEditorFlags: 0
  m_IsActive: 1
--- !u!224 &7220592531715094033
RectTransform:
  m_ObjectHideFlags: 0
  m_CorrespondingSourceObject: {fileID: 0}
  m_PrefabInstance: {fileID: 0}
  m_PrefabAsset: {fileID: 0}
  m_GameObject: {fileID: 4020046110145294578}
  m_LocalRotation: {x: 0, y: 0, z: 0, w: 1}
  m_LocalPosition: {x: 0, y: 0, z: 0.24}
  m_LocalScale: {x: -1, y: 1, z: 1}
  m_Children: []
  m_Father: {fileID: 5888471646034137601}
  m_RootOrder: 1
  m_LocalEulerAnglesHint: {x: 0, y: 0, z: 0}
  m_AnchorMin: {x: 0.5, y: 0.5}
  m_AnchorMax: {x: 0.5, y: 0.5}
  m_AnchoredPosition: {x: 0, y: -0}
  m_SizeDelta: {x: 0.35, y: 0.35}
  m_Pivot: {x: 0.5, y: 0.5}
--- !u!23 &6885780280381828749
MeshRenderer:
  m_ObjectHideFlags: 0
  m_CorrespondingSourceObject: {fileID: 0}
  m_PrefabInstance: {fileID: 0}
  m_PrefabAsset: {fileID: 0}
  m_GameObject: {fileID: 4020046110145294578}
  m_Enabled: 1
  m_CastShadows: 0
  m_ReceiveShadows: 0
  m_DynamicOccludee: 1
  m_MotionVectors: 1
  m_LightProbeUsage: 1
  m_ReflectionProbeUsage: 1
  m_RayTracingMode: 2
  m_RayTraceProcedural: 0
  m_RenderingLayerMask: 1
  m_RendererPriority: 0
  m_Materials:
  - {fileID: 2180264, guid: 8f586378b4e144a9851e7b34d9b748ee, type: 2}
  m_StaticBatchInfo:
    firstSubMesh: 0
    subMeshCount: 0
  m_StaticBatchRoot: {fileID: 0}
  m_ProbeAnchor: {fileID: 0}
  m_LightProbeVolumeOverride: {fileID: 0}
  m_ScaleInLightmap: 1
  m_ReceiveGI: 1
  m_PreserveUVs: 0
  m_IgnoreNormalsForChartDetection: 0
  m_ImportantGI: 0
  m_StitchLightmapSeams: 1
  m_SelectedEditorRenderState: 3
  m_MinimumChartSize: 4
  m_AutoUVMaxDistance: 0.5
  m_AutoUVMaxAngle: 89
  m_LightmapParameters: {fileID: 0}
  m_SortingLayerID: 0
  m_SortingLayer: 0
  m_SortingOrder: 0
  m_AdditionalVertexStreams: {fileID: 0}
--- !u!114 &9001668816478448746
MonoBehaviour:
  m_ObjectHideFlags: 0
  m_CorrespondingSourceObject: {fileID: 0}
  m_PrefabInstance: {fileID: 0}
  m_PrefabAsset: {fileID: 0}
  m_GameObject: {fileID: 4020046110145294578}
  m_Enabled: 1
  m_EditorHideFlags: 0
  m_Script: {fileID: 11500000, guid: 9541d86e2fd84c1d9990edf0852d74ab, type: 3}
  m_Name: 
  m_EditorClassIdentifier: 
  m_Material: {fileID: 0}
  m_Color: {r: 1, g: 1, b: 1, a: 1}
  m_RaycastTarget: 1
  m_RaycastPadding: {x: 0, y: 0, z: 0, w: 0}
  m_Maskable: 1
  m_OnCullStateChanged:
    m_PersistentCalls:
      m_Calls: []
  m_text: 1
  m_isRightToLeft: 0
  m_fontAsset: {fileID: 11400000, guid: 8f586378b4e144a9851e7b34d9b748ee, type: 2}
  m_sharedMaterial: {fileID: 2180264, guid: 8f586378b4e144a9851e7b34d9b748ee, type: 2}
  m_fontSharedMaterials: []
  m_fontMaterial: {fileID: 0}
  m_fontMaterials: []
  m_fontColor32:
    serializedVersion: 2
    rgba: 4294967295
  m_fontColor: {r: 1, g: 1, b: 1, a: 1}
  m_enableVertexGradient: 0
  m_colorMode: 3
  m_fontColorGradient:
    topLeft: {r: 1, g: 1, b: 1, a: 1}
    topRight: {r: 1, g: 1, b: 1, a: 1}
    bottomLeft: {r: 1, g: 1, b: 1, a: 1}
    bottomRight: {r: 1, g: 1, b: 1, a: 1}
  m_fontColorGradientPreset: {fileID: 0}
  m_spriteAsset: {fileID: 0}
  m_tintAllSprites: 0
  m_StyleSheet: {fileID: 0}
  m_TextStyleHashCode: -1183493901
  m_overrideHtmlColors: 0
  m_faceColor:
    serializedVersion: 2
    rgba: 4294967295
  m_fontSize: 3
  m_fontSizeBase: 3
  m_fontWeight: 400
  m_enableAutoSizing: 0
  m_fontSizeMin: 18
  m_fontSizeMax: 72
  m_fontStyle: 0
  m_HorizontalAlignment: 2
  m_VerticalAlignment: 512
  m_textAlignment: 65535
  m_characterSpacing: 0
  m_wordSpacing: 0
  m_lineSpacing: 0
  m_lineSpacingMax: 0
  m_paragraphSpacing: 0
  m_charWidthMaxAdj: 0
  m_enableWordWrapping: 1
  m_wordWrappingRatios: 0.4
  m_overflowMode: 0
  m_linkedTextComponent: {fileID: 0}
  parentLinkedComponent: {fileID: 0}
  m_enableKerning: 1
  m_enableExtraPadding: 0
  checkPaddingRequired: 0
  m_isRichText: 1
  m_parseCtrlCharacters: 1
  m_isOrthographic: 0
  m_isCullingEnabled: 0
  m_horizontalMapping: 0
  m_verticalMapping: 0
  m_uvLineOffset: 0
  m_geometrySortingOrder: 0
  m_IsTextObjectScaleStatic: 0
  m_VertexBufferAutoSizeReduction: 0
  m_useMaxVisibleDescender: 1
  m_pageToDisplay: 1
  m_margin: {x: 0, y: 0, z: 0, w: 0}
  m_isUsingLegacyAnimationComponent: 0
  m_isVolumetricText: 0
  m_hasFontAssetChanged: 0
  m_renderer: {fileID: 6885780280381828749}
  m_maskType: 0
  _SortingLayer: 0
  _SortingLayerID: 0
  _SortingOrder: 0
--- !u!1 &4179335210838637616
GameObject:
  m_ObjectHideFlags: 0
  m_CorrespondingSourceObject: {fileID: 0}
  m_PrefabInstance: {fileID: 0}
  m_PrefabAsset: {fileID: 0}
  serializedVersion: 6
  m_Component:
  - component: {fileID: 3295453208261875348}
  - component: {fileID: 6538874849457882972}
  - component: {fileID: 832496772492100340}
  m_Layer: 0
  m_Name: Text (TMP)
  m_TagString: Untagged
  m_Icon: {fileID: 0}
  m_NavMeshLayer: 0
  m_StaticEditorFlags: 0
  m_IsActive: 1
--- !u!224 &3295453208261875348
RectTransform:
  m_ObjectHideFlags: 0
  m_CorrespondingSourceObject: {fileID: 0}
  m_PrefabInstance: {fileID: 0}
  m_PrefabAsset: {fileID: 0}
  m_GameObject: {fileID: 4179335210838637616}
  m_LocalRotation: {x: -0.00000008940697, y: -0, z: -0, w: 1}
  m_LocalPosition: {x: 0, y: 0, z: 0.23999998}
  m_LocalScale: {x: -1, y: 1, z: 1}
  m_Children: []
  m_Father: {fileID: 4413715659841302617}
  m_RootOrder: 1
  m_LocalEulerAnglesHint: {x: 0, y: 0, z: 0}
  m_AnchorMin: {x: 0.5, y: 0.5}
  m_AnchorMax: {x: 0.5, y: 0.5}
  m_AnchoredPosition: {x: 0, y: 0}
  m_SizeDelta: {x: 0.35, y: 0.35}
  m_Pivot: {x: 0.5, y: 0.5}
--- !u!23 &6538874849457882972
MeshRenderer:
  m_ObjectHideFlags: 0
  m_CorrespondingSourceObject: {fileID: 0}
  m_PrefabInstance: {fileID: 0}
  m_PrefabAsset: {fileID: 0}
  m_GameObject: {fileID: 4179335210838637616}
  m_Enabled: 1
  m_CastShadows: 0
  m_ReceiveShadows: 0
  m_DynamicOccludee: 1
  m_MotionVectors: 1
  m_LightProbeUsage: 1
  m_ReflectionProbeUsage: 1
  m_RayTracingMode: 2
  m_RayTraceProcedural: 0
  m_RenderingLayerMask: 1
  m_RendererPriority: 0
  m_Materials:
  - {fileID: 2180264, guid: 8f586378b4e144a9851e7b34d9b748ee, type: 2}
  m_StaticBatchInfo:
    firstSubMesh: 0
    subMeshCount: 0
  m_StaticBatchRoot: {fileID: 0}
  m_ProbeAnchor: {fileID: 0}
  m_LightProbeVolumeOverride: {fileID: 0}
  m_ScaleInLightmap: 1
  m_ReceiveGI: 1
  m_PreserveUVs: 0
  m_IgnoreNormalsForChartDetection: 0
  m_ImportantGI: 0
  m_StitchLightmapSeams: 1
  m_SelectedEditorRenderState: 3
  m_MinimumChartSize: 4
  m_AutoUVMaxDistance: 0.5
  m_AutoUVMaxAngle: 89
  m_LightmapParameters: {fileID: 0}
  m_SortingLayerID: 0
  m_SortingLayer: 0
  m_SortingOrder: 0
  m_AdditionalVertexStreams: {fileID: 0}
--- !u!114 &832496772492100340
MonoBehaviour:
  m_ObjectHideFlags: 0
  m_CorrespondingSourceObject: {fileID: 0}
  m_PrefabInstance: {fileID: 0}
  m_PrefabAsset: {fileID: 0}
  m_GameObject: {fileID: 4179335210838637616}
  m_Enabled: 1
  m_EditorHideFlags: 0
  m_Script: {fileID: 11500000, guid: 9541d86e2fd84c1d9990edf0852d74ab, type: 3}
  m_Name: 
  m_EditorClassIdentifier: 
  m_Material: {fileID: 0}
  m_Color: {r: 1, g: 1, b: 1, a: 1}
  m_RaycastTarget: 1
  m_RaycastPadding: {x: 0, y: 0, z: 0, w: 0}
  m_Maskable: 1
  m_OnCullStateChanged:
    m_PersistentCalls:
      m_Calls: []
  m_text: 0
  m_isRightToLeft: 0
  m_fontAsset: {fileID: 11400000, guid: 8f586378b4e144a9851e7b34d9b748ee, type: 2}
  m_sharedMaterial: {fileID: 2180264, guid: 8f586378b4e144a9851e7b34d9b748ee, type: 2}
  m_fontSharedMaterials: []
  m_fontMaterial: {fileID: 0}
  m_fontMaterials: []
  m_fontColor32:
    serializedVersion: 2
    rgba: 4294967295
  m_fontColor: {r: 1, g: 1, b: 1, a: 1}
  m_enableVertexGradient: 0
  m_colorMode: 3
  m_fontColorGradient:
    topLeft: {r: 1, g: 1, b: 1, a: 1}
    topRight: {r: 1, g: 1, b: 1, a: 1}
    bottomLeft: {r: 1, g: 1, b: 1, a: 1}
    bottomRight: {r: 1, g: 1, b: 1, a: 1}
  m_fontColorGradientPreset: {fileID: 0}
  m_spriteAsset: {fileID: 0}
  m_tintAllSprites: 0
  m_StyleSheet: {fileID: 0}
  m_TextStyleHashCode: -1183493901
  m_overrideHtmlColors: 0
  m_faceColor:
    serializedVersion: 2
    rgba: 4294967295
  m_fontSize: 3
  m_fontSizeBase: 3
  m_fontWeight: 400
  m_enableAutoSizing: 0
  m_fontSizeMin: 18
  m_fontSizeMax: 72
  m_fontStyle: 0
  m_HorizontalAlignment: 2
  m_VerticalAlignment: 512
  m_textAlignment: 65535
  m_characterSpacing: 0
  m_wordSpacing: 0
  m_lineSpacing: 0
  m_lineSpacingMax: 0
  m_paragraphSpacing: 0
  m_charWidthMaxAdj: 0
  m_enableWordWrapping: 1
  m_wordWrappingRatios: 0.4
  m_overflowMode: 0
  m_linkedTextComponent: {fileID: 0}
  parentLinkedComponent: {fileID: 0}
  m_enableKerning: 1
  m_enableExtraPadding: 0
  checkPaddingRequired: 0
  m_isRichText: 1
  m_parseCtrlCharacters: 1
  m_isOrthographic: 0
  m_isCullingEnabled: 0
  m_horizontalMapping: 0
  m_verticalMapping: 0
  m_uvLineOffset: 0
  m_geometrySortingOrder: 0
  m_IsTextObjectScaleStatic: 0
  m_VertexBufferAutoSizeReduction: 0
  m_useMaxVisibleDescender: 1
  m_pageToDisplay: 1
  m_margin: {x: 0, y: 0, z: 0, w: 0}
  m_isUsingLegacyAnimationComponent: 0
  m_isVolumetricText: 0
  m_hasFontAssetChanged: 0
  m_renderer: {fileID: 6538874849457882972}
  m_maskType: 0
  _SortingLayer: 0
  _SortingLayerID: 0
  _SortingOrder: 0
--- !u!1 &5610016002370092694
GameObject:
  m_ObjectHideFlags: 0
  m_CorrespondingSourceObject: {fileID: 0}
  m_PrefabInstance: {fileID: 0}
  m_PrefabAsset: {fileID: 0}
  serializedVersion: 6
  m_Component:
  - component: {fileID: 6681009177456397791}
  - component: {fileID: 4439387133250945083}
  - component: {fileID: 7298014061449270881}
  - component: {fileID: 5934399449738664306}
  - component: {fileID: 5074358798422550107}
  m_Layer: 0
  m_Name: ButtonBody
  m_TagString: Untagged
  m_Icon: {fileID: 0}
  m_NavMeshLayer: 0
  m_StaticEditorFlags: 0
  m_IsActive: 1
--- !u!4 &6681009177456397791
Transform:
  m_ObjectHideFlags: 0
  m_CorrespondingSourceObject: {fileID: 0}
  m_PrefabInstance: {fileID: 0}
  m_PrefabAsset: {fileID: 0}
  m_GameObject: {fileID: 5610016002370092694}
  m_LocalRotation: {x: 0.7071068, y: 0, z: 0, w: 0.7071068}
  m_LocalPosition: {x: 0, y: 0, z: 0}
  m_LocalScale: {x: 0.8, y: 0.8, z: 0.8}
  m_Children:
  - {fileID: 5888471646034137601}
  - {fileID: 4413715659841302617}
  m_Father: {fileID: 5968910088075866031}
  m_RootOrder: 2
  m_LocalEulerAnglesHint: {x: 90, y: 0, z: 0}
--- !u!54 &4439387133250945083
Rigidbody:
  m_ObjectHideFlags: 0
  m_CorrespondingSourceObject: {fileID: 0}
  m_PrefabInstance: {fileID: 0}
  m_PrefabAsset: {fileID: 0}
  m_GameObject: {fileID: 5610016002370092694}
  serializedVersion: 2
  m_Mass: 0.2
  m_Drag: 0
  m_AngularDrag: 0
  m_UseGravity: 0
  m_IsKinematic: 0
  m_Interpolate: 0
  m_Constraints: 0
  m_CollisionDetection: 0
--- !u!65 &7298014061449270881
BoxCollider:
  m_ObjectHideFlags: 0
  m_CorrespondingSourceObject: {fileID: 0}
  m_PrefabInstance: {fileID: 0}
  m_PrefabAsset: {fileID: 0}
  m_GameObject: {fileID: 5610016002370092694}
  m_Material: {fileID: 0}
  m_IsTrigger: 0
  m_Enabled: 1
  serializedVersion: 2
  m_Size: {x: 0.25, y: 0.02, z: 0.25}
  m_Center: {x: 0, y: 0.245, z: 0}
--- !u!153 &5934399449738664306
ConfigurableJoint:
  m_ObjectHideFlags: 0
  m_CorrespondingSourceObject: {fileID: 0}
  m_PrefabInstance: {fileID: 0}
  m_PrefabAsset: {fileID: 0}
  m_GameObject: {fileID: 5610016002370092694}
  m_ConnectedBody: {fileID: 3704794287376063142}
  m_ConnectedArticulationBody: {fileID: 0}
  m_Anchor: {x: 0, y: 0, z: 0}
  m_Axis: {x: 1, y: 0, z: 0}
  m_AutoConfigureConnectedAnchor: 1
  m_ConnectedAnchor: {x: 0, y: 0, z: 0}
  serializedVersion: 2
  m_SecondaryAxis: {x: 0, y: 1, z: 0}
  m_XMotion: 0
  m_YMotion: 1
  m_ZMotion: 0
  m_AngularXMotion: 0
  m_AngularYMotion: 0
  m_AngularZMotion: 0
  m_LinearLimitSpring:
    spring: 0
    damper: 0
  m_LinearLimit:
    limit: 0.18
    bounciness: 0
    contactDistance: 0
  m_AngularXLimitSpring:
    spring: 0
    damper: 0
  m_LowAngularXLimit:
    limit: 0
    bounciness: 0
    contactDistance: 0
  m_HighAngularXLimit:
    limit: 0
    bounciness: 0
    contactDistance: 0
  m_AngularYZLimitSpring:
    spring: 0
    damper: 0
  m_AngularYLimit:
    limit: 0
    bounciness: 0
    contactDistance: 0
  m_AngularZLimit:
    limit: 0
    bounciness: 0
    contactDistance: 0
  m_TargetPosition: {x: 0, y: 0, z: 0}
  m_TargetVelocity: {x: 0, y: 0, z: 0}
  m_XDrive:
    serializedVersion: 3
    positionSpring: 0
    positionDamper: 0
    maximumForce: 3.4028233e+38
  m_YDrive:
    serializedVersion: 3
    positionSpring: 250
    positionDamper: 20
    maximumForce: 3.4028233e+38
  m_ZDrive:
    serializedVersion: 3
    positionSpring: 0
    positionDamper: 0
    maximumForce: 3.4028233e+38
  m_TargetRotation: {x: 0, y: 0, z: 0, w: 1}
  m_TargetAngularVelocity: {x: 0, y: 0, z: 0}
  m_RotationDriveMode: 0
  m_AngularXDrive:
    serializedVersion: 3
    positionSpring: 0
    positionDamper: 0
    maximumForce: 3.4028233e+38
  m_AngularYZDrive:
    serializedVersion: 3
    positionSpring: 0
    positionDamper: 0
    maximumForce: 3.4028233e+38
  m_SlerpDrive:
    serializedVersion: 3
    positionSpring: 0
    positionDamper: 0
    maximumForce: 3.4028233e+38
  m_ProjectionMode: 0
  m_ProjectionDistance: 0.1
  m_ProjectionAngle: 180
  m_ConfiguredInWorldSpace: 0
  m_SwapBodies: 0
  m_BreakForce: Infinity
  m_BreakTorque: Infinity
  m_EnableCollision: 0
  m_EnablePreprocessing: 1
  m_MassScale: 1
  m_ConnectedMassScale: 1
--- !u!114 &5074358798422550107
MonoBehaviour:
  m_ObjectHideFlags: 0
  m_CorrespondingSourceObject: {fileID: 0}
  m_PrefabInstance: {fileID: 0}
  m_PrefabAsset: {fileID: 0}
  m_GameObject: {fileID: 5610016002370092694}
  m_Enabled: 1
  m_EditorHideFlags: 0
  m_Script: {fileID: 11500000, guid: f148f6dc9f21209448b15d83f30681d3, type: 3}
  m_Name: 
  m_EditorClassIdentifier: 
--- !u!1 &8544392785675457513
GameObject:
  m_ObjectHideFlags: 0
  m_CorrespondingSourceObject: {fileID: 0}
  m_PrefabInstance: {fileID: 0}
  m_PrefabAsset: {fileID: 0}
  serializedVersion: 6
  m_Component:
  - component: {fileID: 5571655153667548852}
  - component: {fileID: 5589215175731848214}
  - component: {fileID: 4378161088351943418}
  m_Layer: 0
  m_Name: InputTypeText
  m_TagString: Untagged
  m_Icon: {fileID: 0}
  m_NavMeshLayer: 0
  m_StaticEditorFlags: 0
  m_IsActive: 1
--- !u!224 &5571655153667548852
RectTransform:
  m_ObjectHideFlags: 0
  m_CorrespondingSourceObject: {fileID: 0}
  m_PrefabInstance: {fileID: 0}
  m_PrefabAsset: {fileID: 0}
  m_GameObject: {fileID: 8544392785675457513}
  m_LocalRotation: {x: 0, y: 1, z: 0, w: 0}
  m_LocalPosition: {x: 0, y: 0, z: 0}
  m_LocalScale: {x: 1, y: 1, z: 1}
  m_Children: []
  m_Father: {fileID: 5968910088075866031}
  m_RootOrder: 0
  m_LocalEulerAnglesHint: {x: 0, y: 180, z: 0}
  m_AnchorMin: {x: 0.5, y: 0.5}
  m_AnchorMax: {x: 0.5, y: 0.5}
  m_AnchoredPosition: {x: 0, y: -0.43}
  m_SizeDelta: {x: 0.6, y: 5}
  m_Pivot: {x: 0.5, y: 0.5}
--- !u!23 &5589215175731848214
MeshRenderer:
  m_ObjectHideFlags: 0
  m_CorrespondingSourceObject: {fileID: 0}
  m_PrefabInstance: {fileID: 0}
  m_PrefabAsset: {fileID: 0}
  m_GameObject: {fileID: 8544392785675457513}
  m_Enabled: 1
  m_CastShadows: 0
  m_ReceiveShadows: 0
  m_DynamicOccludee: 1
  m_MotionVectors: 1
  m_LightProbeUsage: 1
  m_ReflectionProbeUsage: 1
  m_RayTracingMode: 2
  m_RayTraceProcedural: 0
  m_RenderingLayerMask: 1
  m_RendererPriority: 0
  m_Materials:
  - {fileID: 2180264, guid: 8f586378b4e144a9851e7b34d9b748ee, type: 2}
  m_StaticBatchInfo:
    firstSubMesh: 0
    subMeshCount: 0
  m_StaticBatchRoot: {fileID: 0}
  m_ProbeAnchor: {fileID: 0}
  m_LightProbeVolumeOverride: {fileID: 0}
  m_ScaleInLightmap: 1
  m_ReceiveGI: 1
  m_PreserveUVs: 0
  m_IgnoreNormalsForChartDetection: 0
  m_ImportantGI: 0
  m_StitchLightmapSeams: 1
  m_SelectedEditorRenderState: 3
  m_MinimumChartSize: 4
  m_AutoUVMaxDistance: 0.5
  m_AutoUVMaxAngle: 89
  m_LightmapParameters: {fileID: 0}
  m_SortingLayerID: 0
  m_SortingLayer: 0
  m_SortingOrder: 0
  m_AdditionalVertexStreams: {fileID: 0}
--- !u!114 &4378161088351943418
MonoBehaviour:
  m_ObjectHideFlags: 0
  m_CorrespondingSourceObject: {fileID: 0}
  m_PrefabInstance: {fileID: 0}
  m_PrefabAsset: {fileID: 0}
  m_GameObject: {fileID: 8544392785675457513}
  m_Enabled: 1
  m_EditorHideFlags: 0
  m_Script: {fileID: 11500000, guid: 9541d86e2fd84c1d9990edf0852d74ab, type: 3}
  m_Name: 
  m_EditorClassIdentifier: 
  m_Material: {fileID: 0}
  m_Color: {r: 1, g: 1, b: 1, a: 1}
  m_RaycastTarget: 1
  m_RaycastPadding: {x: 0, y: 0, z: 0, w: 0}
  m_Maskable: 1
  m_OnCullStateChanged:
    m_PersistentCalls:
      m_Calls: []
  m_text: 0
  m_isRightToLeft: 0
  m_fontAsset: {fileID: 11400000, guid: 8f586378b4e144a9851e7b34d9b748ee, type: 2}
  m_sharedMaterial: {fileID: 2180264, guid: 8f586378b4e144a9851e7b34d9b748ee, type: 2}
  m_fontSharedMaterials: []
  m_fontMaterial: {fileID: 0}
  m_fontMaterials: []
  m_fontColor32:
    serializedVersion: 2
    rgba: 4294942464
  m_fontColor: {r: 0, g: 0.62212706, b: 1, a: 1}
  m_enableVertexGradient: 0
  m_colorMode: 3
  m_fontColorGradient:
    topLeft: {r: 1, g: 1, b: 1, a: 1}
    topRight: {r: 1, g: 1, b: 1, a: 1}
    bottomLeft: {r: 1, g: 1, b: 1, a: 1}
    bottomRight: {r: 1, g: 1, b: 1, a: 1}
  m_fontColorGradientPreset: {fileID: 0}
  m_spriteAsset: {fileID: 0}
  m_tintAllSprites: 0
  m_StyleSheet: {fileID: 0}
  m_TextStyleHashCode: -1183493901
  m_overrideHtmlColors: 0
  m_faceColor:
    serializedVersion: 2
    rgba: 4294967295
  m_fontSize: 2
  m_fontSizeBase: 2
  m_fontWeight: 400
  m_enableAutoSizing: 0
  m_fontSizeMin: 18
  m_fontSizeMax: 72
  m_fontStyle: 0
  m_HorizontalAlignment: 2
  m_VerticalAlignment: 256
  m_textAlignment: 65535
  m_characterSpacing: 0
  m_wordSpacing: 0
  m_lineSpacing: 0
  m_lineSpacingMax: 0
  m_paragraphSpacing: 0
  m_charWidthMaxAdj: 0
  m_enableWordWrapping: 1
  m_wordWrappingRatios: 0.4
  m_overflowMode: 0
  m_linkedTextComponent: {fileID: 0}
  parentLinkedComponent: {fileID: 0}
  m_enableKerning: 1
  m_enableExtraPadding: 0
  checkPaddingRequired: 0
  m_isRichText: 1
  m_parseCtrlCharacters: 1
  m_isOrthographic: 0
  m_isCullingEnabled: 0
  m_horizontalMapping: 0
  m_verticalMapping: 0
  m_uvLineOffset: 0
  m_geometrySortingOrder: 0
  m_IsTextObjectScaleStatic: 0
  m_VertexBufferAutoSizeReduction: 0
  m_useMaxVisibleDescender: 1
  m_pageToDisplay: 1
  m_margin: {x: -0.018203735, y: 1.668747, z: 0, w: 2.8339565}
  m_isUsingLegacyAnimationComponent: 0
  m_isVolumetricText: 0
  m_hasFontAssetChanged: 0
  m_renderer: {fileID: 5589215175731848214}
  m_maskType: 0
  _SortingLayer: 0
  _SortingLayerID: 0
  _SortingOrder: 0
--- !u!1001 &4236218725475686322
PrefabInstance:
  m_ObjectHideFlags: 0
  serializedVersion: 2
  m_Modification:
    m_TransformParent: {fileID: 6681009177456397791}
    m_Modifications:
    - target: {fileID: -8679921383154817045, guid: ba1a9a55d2ef3d54ea88c72b5b7b3157, type: 3}
      propertyPath: m_RootOrder
      value: 1
      objectReference: {fileID: 0}
    - target: {fileID: -8679921383154817045, guid: ba1a9a55d2ef3d54ea88c72b5b7b3157, type: 3}
      propertyPath: m_LocalPosition.x
      value: 0
      objectReference: {fileID: 0}
    - target: {fileID: -8679921383154817045, guid: ba1a9a55d2ef3d54ea88c72b5b7b3157, type: 3}
      propertyPath: m_LocalPosition.y
      value: 0
      objectReference: {fileID: 0}
    - target: {fileID: -8679921383154817045, guid: ba1a9a55d2ef3d54ea88c72b5b7b3157, type: 3}
      propertyPath: m_LocalPosition.z
      value: 0
      objectReference: {fileID: 0}
    - target: {fileID: -8679921383154817045, guid: ba1a9a55d2ef3d54ea88c72b5b7b3157, type: 3}
      propertyPath: m_LocalRotation.w
      value: 0.7071068
      objectReference: {fileID: 0}
    - target: {fileID: -8679921383154817045, guid: ba1a9a55d2ef3d54ea88c72b5b7b3157, type: 3}
      propertyPath: m_LocalRotation.x
      value: -0.7071068
      objectReference: {fileID: 0}
    - target: {fileID: -8679921383154817045, guid: ba1a9a55d2ef3d54ea88c72b5b7b3157, type: 3}
      propertyPath: m_LocalRotation.y
      value: -0
      objectReference: {fileID: 0}
    - target: {fileID: -8679921383154817045, guid: ba1a9a55d2ef3d54ea88c72b5b7b3157, type: 3}
      propertyPath: m_LocalRotation.z
      value: -0
      objectReference: {fileID: 0}
    - target: {fileID: -8679921383154817045, guid: ba1a9a55d2ef3d54ea88c72b5b7b3157, type: 3}
      propertyPath: m_LocalEulerAnglesHint.x
      value: -90
      objectReference: {fileID: 0}
    - target: {fileID: -8679921383154817045, guid: ba1a9a55d2ef3d54ea88c72b5b7b3157, type: 3}
      propertyPath: m_LocalEulerAnglesHint.y
      value: 0
      objectReference: {fileID: 0}
    - target: {fileID: -8679921383154817045, guid: ba1a9a55d2ef3d54ea88c72b5b7b3157, type: 3}
      propertyPath: m_LocalEulerAnglesHint.z
      value: 0
      objectReference: {fileID: 0}
    - target: {fileID: -8297389143396706712, guid: ba1a9a55d2ef3d54ea88c72b5b7b3157, type: 3}
      propertyPath: m_Materials.Array.data[0]
      value: 
      objectReference: {fileID: 2100000, guid: 3c988aa191ccc7041a5b4a158ebebc42, type: 2}
    - target: {fileID: -7511558181221131132, guid: ba1a9a55d2ef3d54ea88c72b5b7b3157, type: 3}
      propertyPath: m_Materials.Array.size
      value: 1
      objectReference: {fileID: 0}
    - target: {fileID: -7511558181221131132, guid: ba1a9a55d2ef3d54ea88c72b5b7b3157, type: 3}
      propertyPath: m_Materials.Array.data[0]
      value: 
      objectReference: {fileID: 2100000, guid: 73b25a4fb93f215438d766148e4a1ec9, type: 2}
    - target: {fileID: -7511558181221131132, guid: ba1a9a55d2ef3d54ea88c72b5b7b3157, type: 3}
      propertyPath: m_Materials.Array.data[1]
      value: 
      objectReference: {fileID: 0}
    - target: {fileID: 135746181270952974, guid: ba1a9a55d2ef3d54ea88c72b5b7b3157, type: 3}
      propertyPath: m_LocalScale.x
      value: 0.99
      objectReference: {fileID: 0}
    - target: {fileID: 135746181270952974, guid: ba1a9a55d2ef3d54ea88c72b5b7b3157, type: 3}
      propertyPath: m_LocalScale.y
      value: 0.99
      objectReference: {fileID: 0}
    - target: {fileID: 135746181270952974, guid: ba1a9a55d2ef3d54ea88c72b5b7b3157, type: 3}
      propertyPath: m_LocalScale.z
      value: 0.9
      objectReference: {fileID: 0}
    - target: {fileID: 919132149155446097, guid: ba1a9a55d2ef3d54ea88c72b5b7b3157, type: 3}
      propertyPath: m_Name
      value: LogicButtonOFF
      objectReference: {fileID: 0}
    - target: {fileID: 919132149155446097, guid: ba1a9a55d2ef3d54ea88c72b5b7b3157, type: 3}
      propertyPath: m_IsActive
      value: 1
      objectReference: {fileID: 0}
    m_RemovedComponents: []
  m_SourcePrefab: {fileID: 100100000, guid: ba1a9a55d2ef3d54ea88c72b5b7b3157, type: 3}
--- !u!1 &3894342287477123811 stripped
GameObject:
  m_CorrespondingSourceObject: {fileID: 919132149155446097, guid: ba1a9a55d2ef3d54ea88c72b5b7b3157, type: 3}
  m_PrefabInstance: {fileID: 4236218725475686322}
  m_PrefabAsset: {fileID: 0}
--- !u!4 &4413715659841302617 stripped
Transform:
  m_CorrespondingSourceObject: {fileID: -8679921383154817045, guid: ba1a9a55d2ef3d54ea88c72b5b7b3157, type: 3}
  m_PrefabInstance: {fileID: 4236218725475686322}
  m_PrefabAsset: {fileID: 0}
--- !u!1001 &5456634463738351038
PrefabInstance:
  m_ObjectHideFlags: 0
  serializedVersion: 2
  m_Modification:
    m_TransformParent: {fileID: 5968910088075866031}
    m_Modifications:
    - target: {fileID: -8679921383154817045, guid: 83ec965e9c692694e84591067cfa9d6a, type: 3}
      propertyPath: m_RootOrder
      value: 1
      objectReference: {fileID: 0}
    - target: {fileID: -8679921383154817045, guid: 83ec965e9c692694e84591067cfa9d6a, type: 3}
      propertyPath: m_LocalScale.x
      value: 0.8
      objectReference: {fileID: 0}
    - target: {fileID: -8679921383154817045, guid: 83ec965e9c692694e84591067cfa9d6a, type: 3}
      propertyPath: m_LocalScale.y
      value: 0.8
      objectReference: {fileID: 0}
    - target: {fileID: -8679921383154817045, guid: 83ec965e9c692694e84591067cfa9d6a, type: 3}
      propertyPath: m_LocalScale.z
      value: 0.8
      objectReference: {fileID: 0}
    - target: {fileID: -8679921383154817045, guid: 83ec965e9c692694e84591067cfa9d6a, type: 3}
      propertyPath: m_LocalPosition.x
      value: -0
      objectReference: {fileID: 0}
    - target: {fileID: -8679921383154817045, guid: 83ec965e9c692694e84591067cfa9d6a, type: 3}
      propertyPath: m_LocalPosition.y
      value: 0
      objectReference: {fileID: 0}
    - target: {fileID: -8679921383154817045, guid: 83ec965e9c692694e84591067cfa9d6a, type: 3}
      propertyPath: m_LocalPosition.z
      value: 0
      objectReference: {fileID: 0}
    - target: {fileID: -8679921383154817045, guid: 83ec965e9c692694e84591067cfa9d6a, type: 3}
      propertyPath: m_LocalRotation.w
      value: 1
      objectReference: {fileID: 0}
    - target: {fileID: -8679921383154817045, guid: 83ec965e9c692694e84591067cfa9d6a, type: 3}
      propertyPath: m_LocalRotation.x
      value: 0
      objectReference: {fileID: 0}
    - target: {fileID: -8679921383154817045, guid: 83ec965e9c692694e84591067cfa9d6a, type: 3}
      propertyPath: m_LocalRotation.y
      value: 0
      objectReference: {fileID: 0}
    - target: {fileID: -8679921383154817045, guid: 83ec965e9c692694e84591067cfa9d6a, type: 3}
      propertyPath: m_LocalRotation.z
      value: 0
      objectReference: {fileID: 0}
    - target: {fileID: -8679921383154817045, guid: 83ec965e9c692694e84591067cfa9d6a, type: 3}
      propertyPath: m_LocalEulerAnglesHint.x
      value: 0
      objectReference: {fileID: 0}
    - target: {fileID: -8679921383154817045, guid: 83ec965e9c692694e84591067cfa9d6a, type: 3}
      propertyPath: m_LocalEulerAnglesHint.y
      value: 0
      objectReference: {fileID: 0}
    - target: {fileID: -8679921383154817045, guid: 83ec965e9c692694e84591067cfa9d6a, type: 3}
      propertyPath: m_LocalEulerAnglesHint.z
      value: 0
      objectReference: {fileID: 0}
    - target: {fileID: -7511558181221131132, guid: 83ec965e9c692694e84591067cfa9d6a, type: 3}
      propertyPath: m_Materials.Array.data[0]
      value: 
      objectReference: {fileID: 2100000, guid: f1485210cc6da554fa398c55b8d11634, type: 2}
    - target: {fileID: 919132149155446097, guid: 83ec965e9c692694e84591067cfa9d6a, type: 3}
      propertyPath: m_Name
      value: ConnectorPlate
      objectReference: {fileID: 0}
    m_RemovedComponents: []
  m_SourcePrefab: {fileID: 100100000, guid: 83ec965e9c692694e84591067cfa9d6a, type: 3}
--- !u!4 &5490843829910776405 stripped
Transform:
  m_CorrespondingSourceObject: {fileID: -8679921383154817045, guid: 83ec965e9c692694e84591067cfa9d6a, type: 3}
  m_PrefabInstance: {fileID: 5456634463738351038}
  m_PrefabAsset: {fileID: 0}
--- !u!1001 &6211225564325246442
PrefabInstance:
  m_ObjectHideFlags: 0
  serializedVersion: 2
  m_Modification:
    m_TransformParent: {fileID: 6681009177456397791}
    m_Modifications:
    - target: {fileID: -8679921383154817045, guid: ba1a9a55d2ef3d54ea88c72b5b7b3157, type: 3}
      propertyPath: m_RootOrder
      value: 0
      objectReference: {fileID: 0}
    - target: {fileID: -8679921383154817045, guid: ba1a9a55d2ef3d54ea88c72b5b7b3157, type: 3}
      propertyPath: m_LocalPosition.x
      value: 0
      objectReference: {fileID: 0}
    - target: {fileID: -8679921383154817045, guid: ba1a9a55d2ef3d54ea88c72b5b7b3157, type: 3}
      propertyPath: m_LocalPosition.y
      value: 0
      objectReference: {fileID: 0}
    - target: {fileID: -8679921383154817045, guid: ba1a9a55d2ef3d54ea88c72b5b7b3157, type: 3}
      propertyPath: m_LocalPosition.z
      value: 0
      objectReference: {fileID: 0}
    - target: {fileID: -8679921383154817045, guid: ba1a9a55d2ef3d54ea88c72b5b7b3157, type: 3}
      propertyPath: m_LocalRotation.w
      value: 0.7071067
      objectReference: {fileID: 0}
    - target: {fileID: -8679921383154817045, guid: ba1a9a55d2ef3d54ea88c72b5b7b3157, type: 3}
      propertyPath: m_LocalRotation.x
      value: -0.7071068
      objectReference: {fileID: 0}
    - target: {fileID: -8679921383154817045, guid: ba1a9a55d2ef3d54ea88c72b5b7b3157, type: 3}
      propertyPath: m_LocalRotation.y
      value: -0
      objectReference: {fileID: 0}
    - target: {fileID: -8679921383154817045, guid: ba1a9a55d2ef3d54ea88c72b5b7b3157, type: 3}
      propertyPath: m_LocalRotation.z
      value: -0
      objectReference: {fileID: 0}
    - target: {fileID: -8679921383154817045, guid: ba1a9a55d2ef3d54ea88c72b5b7b3157, type: 3}
      propertyPath: m_LocalEulerAnglesHint.x
      value: 0
      objectReference: {fileID: 0}
    - target: {fileID: -8679921383154817045, guid: ba1a9a55d2ef3d54ea88c72b5b7b3157, type: 3}
      propertyPath: m_LocalEulerAnglesHint.y
      value: 0
      objectReference: {fileID: 0}
    - target: {fileID: -8679921383154817045, guid: ba1a9a55d2ef3d54ea88c72b5b7b3157, type: 3}
      propertyPath: m_LocalEulerAnglesHint.z
      value: 0
      objectReference: {fileID: 0}
    - target: {fileID: -8297389143396706712, guid: ba1a9a55d2ef3d54ea88c72b5b7b3157, type: 3}
      propertyPath: m_Materials.Array.data[0]
      value: 
      objectReference: {fileID: 2100000, guid: f8562af67e3a0204680606e4064b6b75, type: 2}
    - target: {fileID: -7511558181221131132, guid: ba1a9a55d2ef3d54ea88c72b5b7b3157, type: 3}
      propertyPath: m_Materials.Array.data[0]
      value: 
      objectReference: {fileID: 2100000, guid: 73b25a4fb93f215438d766148e4a1ec9, type: 2}
    - target: {fileID: 135746181270952974, guid: ba1a9a55d2ef3d54ea88c72b5b7b3157, type: 3}
      propertyPath: m_LocalScale.x
      value: 0.99
      objectReference: {fileID: 0}
    - target: {fileID: 135746181270952974, guid: ba1a9a55d2ef3d54ea88c72b5b7b3157, type: 3}
      propertyPath: m_LocalScale.y
      value: 0.99
      objectReference: {fileID: 0}
    - target: {fileID: 135746181270952974, guid: ba1a9a55d2ef3d54ea88c72b5b7b3157, type: 3}
      propertyPath: m_LocalScale.z
      value: 0.9
      objectReference: {fileID: 0}
    - target: {fileID: 919132149155446097, guid: ba1a9a55d2ef3d54ea88c72b5b7b3157, type: 3}
      propertyPath: m_Name
      value: LogicButtonON
      objectReference: {fileID: 0}
    - target: {fileID: 919132149155446097, guid: ba1a9a55d2ef3d54ea88c72b5b7b3157, type: 3}
      propertyPath: m_IsActive
      value: 0
      objectReference: {fileID: 0}
    m_RemovedComponents: []
  m_SourcePrefab: {fileID: 100100000, guid: ba1a9a55d2ef3d54ea88c72b5b7b3157, type: 3}
--- !u!1 &6553825355346692283 stripped
GameObject:
  m_CorrespondingSourceObject: {fileID: 919132149155446097, guid: ba1a9a55d2ef3d54ea88c72b5b7b3157, type: 3}
  m_PrefabInstance: {fileID: 6211225564325246442}
  m_PrefabAsset: {fileID: 0}
--- !u!4 &5888471646034137601 stripped
Transform:
  m_CorrespondingSourceObject: {fileID: -8679921383154817045, guid: ba1a9a55d2ef3d54ea88c72b5b7b3157, type: 3}
  m_PrefabInstance: {fileID: 6211225564325246442}
  m_PrefabAsset: {fileID: 0}
